@DocuShare{SITCOMTN-005,
  author = {Chuck Claver, Amanda Bauer, Keith Bechtol, Eric Bellm, RobertBlum, Jim Bosch, Andy Clements, Andrew Connolly, Leanne Guy, \v{Z}eljko Ivezi\'{c}, Robert Lupton, Steve Ritz, William Oâ€™Mullane, and Sandrine Thomas},
   title = "{Construction Completeness and Operations Readiness Criteria}",
    year = 2021,
  handle = {SITCOMTN-005},
    note = {SITCOM Technical Note},
     url = {https://sitcomtn-005.lsst.io/}, }


@DocuShare{DMTN-049,
  author = {M. L. Graham, J. Bosch, L. P. Guy, and the DM System Science Team},
   title = "{A Roadmap to Photometric Redshifts for the LSST Object Catalog}",
    year = 2021,
  handle = {DMTN-049},
    note = {Data Management Technical Note},
     url = {https://dmtn-049.lsst.io/}, }